<?xml version="1.0" encoding="UTF-8"?><collection xmlns="http://www.loc.gov/MARC21/slim"><record><leader>00603nam--2200193-u-4500</leader><controlfield tag="001">000054428</controlfield><controlfield tag="002">20161230</controlfield><controlfield tag="005">20161230201051</controlfield><controlfield tag="008">111208s1000------------r-----000-0-eng-d</controlfield><datafield ind1=" " ind2=" " tag="020"><subfield code="a">3764330554</subfield></datafield><datafield ind1=" " ind2=" " tag="040"><subfield code="a">IFIN-HH</subfield></datafield><datafield ind1=" " ind2=" " tag="080"><subfield code="a">539.1:530.1</subfield></datafield><datafield ind1="1" ind2=" " tag="100"><subfield code="a">Leveille, Jacques P</subfield></datafield><datafield ind1="1" ind2="0" tag="245"><subfield code="a">The second workshop on grand unification, university of michigan, ann arbor, april 24-26, 1981</subfield><subfield code="c">Jacques p. leveille, lawrence r. sulak, david g. unger (eds.)</subfield></datafield><datafield ind1=" " ind2=" " tag="260"><subfield code="a">Birkhauser</subfield><subfield code="b">Boston</subfield><subfield code="c">1981</subfield></datafield><datafield ind1=" " ind2=" " tag="300"><subfield code="a">321P</subfield></datafield><datafield ind1="1" ind2=" " tag="700"><subfield code="a">Unger, David G</subfield><subfield code="e">Ed</subfield></datafield><datafield ind1=" " ind2=" " tag="852"><subfield code="a">70156</subfield><subfield code="c">539.12</subfield></datafield><datafield ind1=" " ind2=" " tag="CAT"><subfield code="a">Sys</subfield><subfield code="c">20111208</subfield><subfield code="h">154906</subfield></datafield></record></collection>